<record><leader>00000cas a22000007a 4500</leader><controlfield tag="001">9673479</controlfield><controlfield tag="008">830706d18241849ohuwr ne      0    0eng d</controlfield><datafield ind1=" " ind2=" " tag="010"><subfield code="a">sn 83035303 </subfield></datafield><datafield ind1=" " ind2=" " tag="040"><subfield code="a">NPY</subfield><subfield code="b">eng</subfield><subfield code="c">NPY</subfield><subfield code="d">NPX</subfield><subfield code="d">DLC</subfield><subfield code="d">WVC</subfield><subfield code="d">ONP</subfield><subfield code="d">CNK</subfield><subfield code="d">CRL</subfield><subfield code="d">OCLCQ</subfield><subfield code="d">OCLCF</subfield><subfield code="d">OCLCO</subfield></datafield><datafield ind1=" " ind2=" " tag="042"><subfield code="a">msc</subfield></datafield><datafield ind1=" " ind2=" " tag="043"><subfield code="a">n-us-oh</subfield></datafield><datafield ind1="0" ind2="0" tag="050"><subfield code="a">Newspaper 9214-X</subfield></datafield><datafield ind1="0" ind2=" " tag="130"><subfield code="a">St. Clairsville gazette (Saint Clairsville, Ohio : 1824)</subfield></datafield><datafield ind1="1" ind2="0" tag="245"><subfield code="a">St. Clairsville gazette.</subfield></datafield><datafield ind1="3" ind2="0" tag="246"><subfield code="a">Saint Clairsville gazette</subfield></datafield><datafield ind1=" " ind2=" " tag="260"><subfield code="a">St. Clairsville, Ohio :</subfield><subfield code="b">Robert H. Miller,</subfield><subfield code="c">-1849.</subfield></datafield><datafield ind1=" " ind2=" " tag="300"><subfield code="a">v. ;</subfield><subfield code="c">52-60 cm.</subfield></datafield><datafield ind1=" " ind2=" " tag="310"><subfield code="a">Weekly</subfield></datafield><datafield ind1="1" ind2=" " tag="362"><subfield code="a">Began in 1824.</subfield><subfield code="z">Cf. Gutgesell, S. Guide to Ohio newspapers, 1974.</subfield></datafield><datafield ind1="0" ind2=" " tag="362"><subfield code="a">-v. 12, no. 1 (Feb. 23, 1849).</subfield></datafield><datafield ind1=" " ind2=" " tag="500"><subfield code="a">"Democratic." Cf. Gutgesell, S. Guide to Ohio newspapers, 1974.</subfield></datafield><datafield ind1=" " ind2=" " tag="515"><subfield code="a">Issues for Mar. 9, 1833-Sept. 2, 1837 called: new ser., v. 1, no. 1-new ser., v. 5, no. 26; for Sept. 9, 1837-&lt;Dec. 30, 1837&gt;: new ser., v. 1, no. 1-new ser., v. &lt;1&gt;, no. &lt;17&gt;; for &lt;Feb. 9, 1839-May 12, 1843&gt;: new ser., v. &lt;1&gt;, no. &lt;49&gt;-new ser., v. &lt;6&gt;, no. &lt;11&gt;</subfield></datafield><datafield ind1=" " ind2=" " tag="515"><subfield code="a">Issues for &lt;Mar. 9, 1833-May 12, 1843&gt; called also: whole no. &lt;469-1102&gt;</subfield></datafield><datafield ind1=" " ind2=" " tag="530"><subfield code="a">Also issued on microfilm from State Library of Ohio.</subfield></datafield><datafield ind1=" " ind2=" " tag="588"><subfield code="a">Description based on: Vol. 2, no. 89 (Aug. 27, 1825).</subfield></datafield><datafield ind1=" " ind2="0" tag="651"><subfield code="a">Saint Clairsville (Ohio)</subfield><subfield code="v">Newspapers.</subfield></datafield><datafield ind1=" " ind2="0" tag="651"><subfield code="a">Belmont County (Ohio)</subfield><subfield code="v">Newspapers.</subfield></datafield><datafield ind1=" " ind2="7" tag="655"><subfield code="a">Newspapers.</subfield><subfield code="2">fast</subfield><subfield code="0">(OCoLC)fst01423814</subfield></datafield><datafield ind1=" " ind2="7" tag="651"><subfield code="a">Ohio</subfield><subfield code="z">Belmont County.</subfield><subfield code="2">fast</subfield><subfield code="0">(OCoLC)fst01211219</subfield></datafield><datafield ind1=" " ind2="7" tag="651"><subfield code="a">Ohio</subfield><subfield code="z">Saint Clairsville.</subfield><subfield code="2">fast</subfield><subfield code="0">(OCoLC)fst01222381</subfield></datafield><datafield ind1=" " ind2=" " tag="752"><subfield code="a">United States</subfield><subfield code="b">Ohio</subfield><subfield code="c">Belmont</subfield><subfield code="d">Saint Clairsville.</subfield></datafield><datafield ind1="0" ind2="7" tag="785"><subfield code="t">Citizen (Saint Clairsville, Ohio : 1847)</subfield><subfield code="w">(DLC)sn 86092554</subfield><subfield code="w">(OCoLC)13757104</subfield></datafield><datafield ind1="0" ind2="7" tag="785"><subfield code="t">Gazette and citizen (Saint Clairsville, Ohio)</subfield><subfield code="w">(DLC)sn 86092555</subfield><subfield code="w">(OCoLC)13757106</subfield></datafield></record>